<record><leader>00000cas a2200000 a 4500</leader><controlfield tag="001">52768564</controlfield><controlfield tag="008">030801d19491980iluwr ne      0   a0eng c</controlfield><datafield ind1=" " ind2=" " tag="010"><subfield code="a">sn2003060728</subfield></datafield><datafield ind1=" " ind2=" " tag="040"><subfield code="a">CVF</subfield><subfield code="b">eng</subfield><subfield code="c">CVF</subfield><subfield code="d">OCLCQ</subfield><subfield code="d">OCLCF</subfield><subfield code="d">OCLCO</subfield><subfield code="d">NVF</subfield></datafield><datafield ind1=" " ind2=" " tag="042"><subfield code="a">pcc</subfield></datafield><datafield ind1=" " ind2=" " tag="043"><subfield code="a">n-us-il</subfield></datafield><datafield ind1="0" ind2="4" tag="245"><subfield code="a">The Oswego ledger.</subfield></datafield><datafield ind1=" " ind2=" " tag="260"><subfield code="a">Oswego, Ill. :</subfield><subfield code="b">Ford L. Lippold</subfield></datafield><datafield ind1=" " ind2=" " tag="300"><subfield code="a">v.</subfield></datafield><datafield ind1=" " ind2=" " tag="310"><subfield code="a">Weekly</subfield></datafield><datafield ind1="1" ind2=" " tag="362"><subfield code="a">Began in 1949.</subfield></datafield><datafield ind1="0" ind2=" " tag="362"><subfield code="a">-v. 31, no. 30 (July 24, 1980).</subfield></datafield><datafield ind1=" " ind2=" " tag="580"><subfield code="a">Merged with: Fox Valley sentinel, to form: Ledger-sentinel.</subfield></datafield><datafield ind1=" " ind2=" " tag="588"><subfield code="a">Description based on: Vol. 3, no. 1 (Nov. 15, 1951).</subfield></datafield><datafield ind1=" " ind2="0" tag="651"><subfield code="a">Oswego (Ill.)</subfield><subfield code="v">Newspapers.</subfield></datafield><datafield ind1=" " ind2="7" tag="651"><subfield code="a">Illinois</subfield><subfield code="z">Oswego.</subfield><subfield code="2">fast</subfield><subfield code="0">(OCoLC)fst01226740</subfield></datafield><datafield ind1=" " ind2="7" tag="655"><subfield code="a">Newspapers.</subfield><subfield code="2">fast</subfield><subfield code="0">(OCoLC)fst01423814</subfield></datafield><datafield ind1=" " ind2=" " tag="752"><subfield code="a">United States</subfield><subfield code="b">Illinois</subfield><subfield code="c">Kendall County</subfield><subfield code="d">Oswego.</subfield></datafield><datafield ind1="1" ind2="7" tag="785"><subfield code="t">Fox Valley sentinel</subfield><subfield code="w">(DLC)sn2003060729</subfield><subfield code="w">(OCoLC)52768844</subfield></datafield><datafield ind1="1" ind2="7" tag="785"><subfield code="t">Ledger-sentinel</subfield><subfield code="w">(DLC)sn2003060730</subfield><subfield code="w">(OCoLC)52769163</subfield></datafield><datafield ind1="1" ind2=" " tag="029"><subfield code="a">AU@</subfield><subfield code="b">000024837299</subfield></datafield></record>